@book{Gonzalez,
 author = {Gonzalez, Rafael C. and Woods, Richard E.},
 title = {Digital Image Processing (3rd Edition)},
 year = {2006},
 isbn = {013168728X},
 publisher = {Prentice-Hall, Inc.},
 address = {Upper Saddle River, NJ, USA}
} 

@misc{bworld,
 author = {Gonzalez, Rafael C.},
 title = {Standard Image Processing Test Images},
 howpublished = "\url{http://web.eecs.utk.edu/~gonzalez/ipweb2e/downloads/standard_test_images/}",
 year = {2012}, 
 note = "{[Online; accessed 12-October-2012]}"
}

@article{lloyd,
 author = {Stuart P. Lloyd},
 title = {Least Squares Quantization in PCM},
 journal = {IEEE Transactions on Information Theory},
 year = {1982},
 volume = {28},
 pages = {129--137}
}

@article{max,
 author = {Joel Max},
 title = {Quantizing for Minimum Distortion},
 journal = {IEEE Transactions on Information Theory},
 year = {1960},
 volume = {6},
 pages = {7--12}
}

@article{otsu,
  author = {N. Otsu},
  title = {A Threshold Selection Method from Gray Level Histograms},
  journal = {IEEE Transactions on Systems, Man and Cybernetics},
  year = {1979},
  volume = {9},
  pages = {62--66}
}

@article{pun,
 author = {T. Pun},
 title = {Entropic Thresholding: A New Approach},
 journal = {Computer Graphics and Image Processing},
 year = {1981},
 volume = {16},
 number = {3},
 pages = {210--239}
}

@article{abutaleb,
  author = {Ahmed S. Abutaleb},
  title = {Automatic Thresholding of Gray-Level Pictures using Two-dimensional Entropy},
  journal = {IEEE Transactions on Computer Vision, Graphics, and Image Processing},
  year = {1989},
  volume = {47},
  number = {1},
  pages = {22--32}
}

@article{pal,
  author = {N.R. Pal and S.K. Pal},
  title = {Entropic Thresholding},
  journal = {IEEE Transactions on Signal Processing},
  year = {1989},
  volume = {16},
  pages = {97--108}
}

@article{chang,
  author = {C.-I Chang and K. Chen and J. Wang and M. Althouse},
  title = {A Relative Entropy-Based Approach to Image Thresholding},
  journal = {IEEE Transactions on Pattern Recognition},
  year = {1994},
  volume = {27},
  number = {9},
  pages = {1275--1289}
}

